{
  "leader": "01913cam a2200409 i 4500",
  "fields": [
    {
      "001": "ocm01893142\\"
    },
    {
      "003": "OCoLC"
    },
    {
      "005": "20220627082357.0"
    },
    {
      "008": "751212s1918\\\\\\\\ohudk\\\\\\\\\\\\\\\\\\000\\0\\eng\\\\"
    },
    {
      "010": {
        "ind1": "\\",
        "ind2": "\\",
        "subfields": [
          {
            "a": "   19001796 "
          }
        ]
      }
    },
    {
      "040": {
        "ind1": "\\",
        "ind2": "\\",
        "subfields": [
          {
            "a": "DLC"
          },
          {
            "b": "eng"
          },
          {
            "c": "CSU"
          },
          {
            "d": "OCLCQ"
          },
          {
            "d": "STF"
          },
          {
            "d": "BRL"
          },
          {
            "d": "AMAZN"
          },
          {
            "d": "OCLCF"
          },
          {
            "d": "OCLCQ"
          },
          {
            "d": "OCLCO"
          },
          {
            "d": "OCLCA"
          },
          {
            "d": "SNN"
          },
          {
            "d": "OCLCO"
          },
          {
            "d": "OCLCQ"
          }
        ]
      }
    },
    {
      "035": {
        "ind1": "\\",
        "ind2": "\\",
        "subfields": [
          {
            "a": "(OCoLC)1893142"
          }
        ]
      }
    },
    {
      "043": {
        "ind1": "\\",
        "ind2": "\\",
        "subfields": [
          {
            "a": "n-us-oh"
          }
        ]
      }
    },
    {
      "050": {
        "ind1": "0",
        "ind2": "0",
        "subfields": [
          {
            "a": "GV54.O3"
          },
          {
            "b": "C6 no. 2"
          }
        ]
      }
    },
    {
      "082": {
        "ind1": "0",
        "ind2": "4",
        "subfields": [
          {
            "a": "371.74"
          },
          {
            "b": "BON"
          }
        ]
      }
    },
    {
      "100": {
        "ind1": "1",
        "ind2": "\\",
        "subfields": [
          {
            "a": "Bonser, Frederick Gordon,"
          },
          {
            "d": "1875-1931."
          }
        ]
      }
    },
    {
      "245": {
        "ind1": "1",
        "ind2": "0",
        "subfields": [
          {
            "a": "School work and spare time /"
          },
          {
            "c": "by F.G. Bonser."
          }
        ]
      }
    },
    {
      "246": {
        "ind1": "3",
        "ind2": "\\",
        "subfields": [
          {
            "a": "Spare time, School work and"
          }
        ]
      }
    },
    {
      "260": {
        "ind1": "\\",
        "ind2": "\\",
        "subfields": [
          {
            "a": "Cleveland, O. :"
          },
          {
            "b": "Survey Committee of the Cleveland Foundation,"
          },
          {
            "c": "1918."
          }
        ]
      }
    },
    {
      "300": {
        "ind1": "\\",
        "ind2": "\\",
        "subfields": [
          {
            "a": "176 pages :"
          },
          {
            "b": "including forms, tables, diagrams ;"
          },
          {
            "c": "18 cm"
          }
        ]
      }
    },
    {
      "336": {
        "ind1": "\\",
        "ind2": "\\",
        "subfields": [
          {
            "a": "text"
          },
          {
            "b": "txt"
          },
          {
            "2": "rdacontent"
          }
        ]
      }
    },
    {
      "337": {
        "ind1": "\\",
        "ind2": "\\",
        "subfields": [
          {
            "a": "unmediated"
          },
          {
            "b": "n"
          },
          {
            "2": "rdamedia"
          }
        ]
      }
    },
    {
      "338": {
        "ind1": "\\",
        "ind2": "\\",
        "subfields": [
          {
            "a": "volume"
          },
          {
            "b": "nc"
          },
          {
            "2": "rdacarrier"
          }
        ]
      }
    },
    {
      "490": {
        "ind1": "1",
        "ind2": "\\",
        "subfields": [
          {
            "a": "Cleveland foundation. Publications 28"
          }
        ]
      }
    },
    {
      "500": {
        "ind1": "\\",
        "ind2": "\\",
        "subfields": [
          {
            "a": "At head of title: Cleveland recreation survey."
          }
        ]
      }
    },
    {
      "500": {
        "ind1": "\\",
        "ind2": "\\",
        "subfields": [
          {
            "a": "\"This report ... is one of seven sections of the report of the Recreation survey of Cleveland conducted by the Survey Committee of the Cleveland Foundation in 1917\"--Foreword."
          }
        ]
      }
    },
    {
      "650": {
        "ind1": "\\",
        "ind2": "0",
        "subfields": [
          {
            "a": "Amusements."
          }
        ]
      }
    },
    {
      "650": {
        "ind1": "\\",
        "ind2": "0",
        "subfields": [
          {
            "a": "Education"
          },
          {
            "z": "Ohio"
          },
          {
            "z": "Cleveland."
          }
        ]
      }
    },
    {
      "650": {
        "ind1": "\\",
        "ind2": "7",
        "subfields": [
          {
            "a": "Amusements."
          },
          {
            "2": "fast"
          },
          {
            "0": "(OCoLC)fst00808105"
          }
        ]
      }
    },
    {
      "650": {
        "ind1": "\\",
        "ind2": "7",
        "subfields": [
          {
            "a": "Education."
          },
          {
            "2": "fast"
          },
          {
            "0": "(OCoLC)fst00902499"
          }
        ]
      }
    },
    {
      "651": {
        "ind1": "\\",
        "ind2": "7",
        "subfields": [
          {
            "a": "Ohio"
          },
          {
            "z": "Cleveland."
          },
          {
            "2": "fast"
          },
          {
            "0": "(OCoLC)fst01205966"
          }
        ]
      }
    },
    {
      "776": {
        "ind1": "0",
        "ind2": "8",
        "subfields": [
          {
            "i": "Online version:"
          },
          {
            "a": "Bonser, Frederick Gordon, 1875-1931."
          },
          {
            "t": "School work and spare time."
          },
          {
            "d": "Cleveland, O., Survey Committee of the Cleveland Foundation, 1918"
          },
          {
            "w": "(OCoLC)602926385"
          }
        ]
      }
    },
    {
      "776": {
        "ind1": "0",
        "ind2": "8",
        "subfields": [
          {
            "i": "Online version:"
          },
          {
            "a": "Bonser, Frederick Gordon, 1875-1931."
          },
          {
            "t": "School work and spare time."
          },
          {
            "d": "Cleveland, O., Survey Committee of the Cleveland Foundation, 1918"
          },
          {
            "w": "(OCoLC)608881136"
          }
        ]
      }
    },
    {
      "830": {
        "ind1": "\\",
        "ind2": "0",
        "subfields": [
          {
            "a": "Cleveland foundation. Publications 28."
          }
        ]
      }
    },
    {
      "994": {
        "ind1": "\\",
        "ind2": "\\",
        "subfields": [
          {
            "a": "Z0"
          },
          {
            "b": "NYRVC"
          }
        ]
      }
    },
    {
      "948": {
        "ind1": "\\",
        "ind2": "\\",
        "subfields": [
          {
            "h": "NO HOLDINGS IN NYRVC - 67 OTHER HOLDINGS"
          }
        ]
      }
    },
    {
      "999": {
        "ind1": "\\",
        "ind2": "\\",
        "subfields": [
          {
            "a": "no barcode"
          }
        ]
      }
    }
  ]
}